@inproceedings{
fim-l,
title={Zero-shot Imputation with Foundation Inference Models for Dynamical Systems},
author={Patrick Seifner and Kostadin Cvejoski and Antonia Körner and Ramsés J. Sánchez},
booktitle={Submitted to The Thirteenth International Conference on Learning Representations},
year={2024},
url={https://openreview.net/forum?id=NPSZ7V1CCY},
note={under review}
}

@article{Deeponet,
   title={Learning nonlinear operators via DeepONet based on the universal approximation theorem of operators},
   volume={3},
   ISSN={2522-5839},
   url={http://dx.doi.org/10.1038/s42256-021-00302-5},
   DOI={10.1038/s42256-021-00302-5},
   number={3},
   journal={Nature Machine Intelligence},
   publisher={Springer Science and Business Media LLC},
   author={Lu, Lu and Jin, Pengzhan and Pang, Guofei and Zhang, Zhongqiang and Karniadakis, George Em},
   year={2021},
   month=mar, pages={218–229} }
